<?xml version="1.0" encoding="UTF-8"?><collection xmlns="http://www.loc.gov/MARC21/slim"><record><leader>00435nam--2200133-i-4500</leader><controlfield tag="001">000049451</controlfield><controlfield tag="002">20161230</controlfield><controlfield tag="005">20161230201047</controlfield><controlfield tag="008">060222s1000------------r-----000-0-eng-d</controlfield><datafield ind1=" " ind2=" " tag="080"><subfield code="a">669.017</subfield></datafield><datafield ind1=" " ind2=" " tag="245"><subfield code="a">Processus de nucleation dans les reactions des gaz les metaux et problemes connexes, paris, 10-15 juin 1963</subfield></datafield><datafield ind1=" " ind2=" " tag="260"><subfield code="a">Paris, Editions Du C.N.R.S., 1965, 286p</subfield></datafield><datafield ind1=" " ind2=" " tag="490"><subfield code="a">Colloques Internationaux Du C.N.R.S. No.122</subfield></datafield><datafield ind1=" " ind2=" " tag="852"><subfield code="a">27265</subfield></datafield></record></collection>